@book{schwab2017fourth,
  title={The fourth industrial revolution},
  author={Schwab, Klaus},
  year={2017},
  publisher={Currency}
}

@misc{designDataSpaces,
  author       = {Nagel, Lars and
                  Lycklama, Douwe},
  title        = {Design Principles for Data Spaces - Position Paper},
  month        = jul,
  year         = 2021,
  publisher    = {Zenodo},
  version      = {1.0},
  doi          = {10.5281/zenodo.5105744},
  url          = {https://doi.org/10.5281/zenodo.5105744}
}

@misc{dataGovernanceAct,
  author = {Mildebrath, Hendrik},
  title = {Data Governance Act},
  month = june,
  year = {2021},
  url = {https://www.europarl.europa.eu/RegData/etudes/BRIE/2021/690674/EPRS_BRI(2021)690674_EN.pdf}
}

@book{eif,
author = {European Commission and Directorate-General for Informatics},
title = {New European interoperability framework : promoting seamless services and data flows for European public administrations},
publisher = {Publications Office},
year = {2017},
doi = {doi/10.2799/360327}
}

@inproceedings{buyle2016oslo,
  title={OSLO: Open standards for linked organizations},
  author={Buyle, Raf and De Vocht, Laurens and Van Compernolle, Mathias and De Paepe, Dieter and Verborgh, Ruben and Vanlishout, Ziggy and De Vidts, Bj{\'o}rn and Mechant, Peter and Mannens, Erik},
  booktitle={Proceedings of the international conference on electronic governance and open society: Challenges in Eurasia},
  pages={126--134},
  year={2016}
}


@article{jaaskelainen2010think,
  title={Think-aloud protocol},
  author={J{\"a}{\"a}skel{\"a}inen, Riitta},
  journal={Handbook of translation studies},
  volume={1},
  pages={371--374},
  year={2010},
  publisher={John Benjamins Publishing Amsterdam/Philadelphia}
}

@inproceedings{buyle2018semantics,
  title={Semantics in the wild: a digital assistant for Flemish citizens},
  author={Buyle, Raf and Van Compernolle, Mathias and De Paepe, Dieter and Scheerlinck, Jens and Mechant, Peter and Mannens, Erik and Vanlishout, Ziggy},
  booktitle={Proceedings of the 11th International Conference on Theory and Practice of Electronic Governance},
  pages={1--6},
  year={2018}
}
